<collection xmlns="http://www.loc.gov/MARC21/slim"><record><leader>00723nam  2200217   450</leader><controlfield tag="001">114</controlfield><controlfield tag="003">http://montalegre.opacnet.com/OPAC/default.aspx?ContentAreaControl=ShowRegHoldings.ascx&amp;RegNo=16662</controlfield><controlfield tag="005">20</controlfield><datafield tag="095" ind1=" " ind2=" "><subfield code="a">PTBN00149661</subfield></datafield><datafield tag="100" ind1=" " ind2=" "><subfield code="a">19640301g19649999m  y0pora0103    ba</subfield></datafield><datafield tag="101" ind1="1" ind2=" "><subfield code="a">por</subfield></datafield><datafield tag="102" ind1=" " ind2=" "><subfield code="a">PT</subfield></datafield><datafield tag="200" ind1="1" ind2=" "><subfield code="a">Decâmeron</subfield><subfield code="f">Giovanni Boccacio</subfield><subfield code="g">trad. Joaquim de Macedo</subfield></datafield><datafield tag="210" ind1=" " ind2=" "><subfield code="a">Porto</subfield><subfield code="c">Sousa &amp; Almeida</subfield><subfield code="d">1964-</subfield></datafield><datafield tag="215" ind1=" " ind2=" "><subfield code="a">v.</subfield><subfield code="d">19 cm</subfield></datafield><datafield tag="327" ind1="0" ind2=" "><subfield code="a">1" v.: 366, [3] p</subfield></datafield><datafield tag="675" ind1=" " ind2=" "><subfield code="a">821</subfield><subfield code="v">BN</subfield><subfield code="z">por</subfield><subfield code="3">288435</subfield></datafield><datafield tag="700" ind1=" " ind2="1"><subfield code="a">Boccaccio</subfield><subfield code="b">Giovanni</subfield><subfield code="f">1313-1375</subfield><subfield code="3">10685</subfield></datafield><datafield tag="702" ind1=" " ind2="1"><subfield code="a">Macedo</subfield><subfield code="b">Joaquim Lopes de</subfield><subfield code="f">1879</subfield><subfield code="4">730</subfield><subfield code="3">151956</subfield></datafield><datafield tag="801" ind1=" " ind2="0"><subfield code="a">PT</subfield><subfield code="b">Biblioteca Municipal de Montalegre</subfield><subfield code="g">RPC</subfield></datafield><datafield tag="856" ind1=" " ind2=" "><subfield code="u">locateMedia.asp?cod=20060509101614&amp;ext=jpg</subfield><subfield code="z">CAPA</subfield></datafield><datafield tag="909" ind1="&#9;" ind2=" "><subfield code="a">1</subfield></datafield><datafield tag="966" ind1=" " ind2=" "><subfield code="a">0005170</subfield><subfield code="l">BMM</subfield><subfield code="s">SCG 821 BOC dec 309</subfield></datafield></record></collection>